%!TEX root = vis4_report.tex
@article{detry,
author={R. Detry and D. Kraft and O. Kroemer and L. Bodenhagen and J. Peters and N. Kr{\"u}ger and J. Piater},
title={Learning Grasp Affordance Densities},
journal={Paladyn, Journal of Behavioral Robotics},
year={2011},
month={06},
day={12-20T12:52:46.423+01:00},
volume={2},
pages={1-17},
issn={20814836},
doi={10.2478/s13230-011-0012-x},
url={//www.degruyter.com/view/j/pjbr.2011.2.issue-1/s13230-011-0012-x/s13230-011-0012-x.xml}
}
